@book{zhang2006advances,
  title={Advances in image and video segmentation},
  author={Zhang, Yu-Jin},
  year={2006},
  publisher={IGI Global}
}
@article{ханыков2018классификация,
  title={Классификация алгоритмов сегментации изображений},
  author={Ханыков, ИГ},
  journal={Известия высших учебных заведений. Приборостроение},
  volume={61},
  number={11},
  pages={978--987},
  year={2018},
  publisher={Федеральное государственное автономное образовательное учреждение высшего~…}
}
@phdthesis{NikolaevPhdthesis,
  author  = "Николаев, Д. П.",
  title   = "Методы и алгоритмы Хаф-анализа изображений в системах технического зрения",
  year    = 2023
}
@article{wirjadi2007survey,
  title={Survey of 3D image segmentation methods},
  author={Wirjadi, Oliver},
  year={2007}
}
@article{adams1994seeded,
  title={Seeded region growing},
  author={Adams, Rolf and Bischof, Leanne},
  journal={IEEE Transactions on pattern analysis and machine intelligence},
  volume={16},
  number={6},
  pages={641--647},
  year={1994},
  publisher={IEEE}
}

@inproceedings{lin2000unseeded,
  title={Unseeded Region Growing for 3D Image Segmentation.},
  author={Lin, Zheng and Jin, Jesse and Talbot, Hugues},
  booktitle={ACM International Conference Proceeding Series},
  volume={9},
  pages={31--37},
  year={2000},
  organization={Citeseer}
}

@inproceedings{sarker2017segmentation,
  title={Segmentation and classification of lung tumor from 3D CT image using K-means clustering algorithm},
  author={Sarker, Prionjit and Shuvo, Md Maruf Hossain and Hossain, Zakir and Hasan, Sabbir},
  booktitle={2017 4th international conference on advances in electrical engineering (ICAEE)},
  pages={731--736},
  year={2017},
  organization={IEEE}
}

@article{comaniciu2002mean,
  title={Mean shift: A robust approach toward feature space analysis},
  author={Comaniciu, Dorin and Meer, Peter},
  journal={IEEE Transactions on pattern analysis and machine intelligence},
  volume={24},
  number={5},
  pages={603--619},
  year={2002},
  publisher={IEEE}
}

@article{camilus2012review,
  title={A review on graph based segmentation},
  author={Camilus, K Santle and Govindan, VK},
  journal={International Journal of Image, Graphics and Signal Processing},
  volume={4},
  number={5},
  pages={1},
  year={2012},
  publisher={Modern Education and Computer Science Press}
}

@inproceedings{boykov2003computing,
  title={Computing geodesics and minimal surfaces via graph cuts},
  author={Boykov and Kolmogorov},
  booktitle={Proceedings Ninth IEEE international conference on computer vision},
  pages={26--33},
  year={2003},
  organization={IEEE}
}

@article{peng2019interactive,
  title={Interactive image segmentation using geodesic appearance overlap graph cut},
  author={Peng, Zili and Qu, Shaojun and Li, Qiaoliang},
  journal={Signal Processing: Image Communication},
  volume={78},
  pages={159--170},
  year={2019},
  publisher={Elsevier}
}

@article{zeng2008topology,
  title={Topology cuts: A novel min-cut/max-flow algorithm for topology preserving segmentation in N--D images},
  author={Zeng, Yun and Samaras, Dimitris and Chen, Wei and Peng, Qunsheng},
  journal={Computer vision and image understanding},
  volume={112},
  number={1},
  pages={81--90},
  year={2008},
  publisher={Elsevier}
}

@article{felzenszwalb2004efficient,
  title={Efficient graph-based image segmentation},
  author={Felzenszwalb, Pedro F and Huttenlocher, Daniel P},
  journal={International journal of computer vision},
  volume={59},
  pages={167--181},
  year={2004},
  publisher={Springer}
}

@article{ayed2006unsupervised,
  title={Unsupervised variational image segmentation/classification using a Weibull observation model},
  author={Ayed, I Ben and Hennane, Nacera and Mitiche, Amar},
  journal={IEEE transactions on Image processing},
  volume={15},
  number={11},
  pages={3431--3439},
  year={2006},
  publisher={IEEE}
}

@article{hu2003volumetric,
  title={Volumetric segmentation using Weibull E-SD fields},
  author={Hu, Jiuxiang and Razdan, Anshuman and Nielson, Gregory M. and Farin, Gerald E. and Baluch, D. Page and Capco, David G.},
  journal={IEEE Transactions on Visualization and Computer Graphics},
  volume={9},
  number={3},
  pages={320--328},
  year={2003},
  publisher={IEEE}
}

@article{lu20193d,
  title={A 3D convolutional neural network for volumetric image semantic segmentation},
  author={Lu, Hongya and Wang, Haifeng and Zhang, Qianqian and Yoon, Sang Won and Won, Daehan},
  journal={Procedia Manufacturing},
  volume={39},
  pages={422--428},
  year={2019},
  publisher={Elsevier}
}

@article{ха2016свёрточная,
  title={Свёрточная нейронная сеть для решения задачи классификации},
  author={Ха, Ле Мань},
  journal={Труды Московского физико-технического института},
  volume={8},
  number={3 (31)},
  pages={91--97},
  year={2016},
  publisher={Федеральное государственное автономное образовательное учреждение высшего~…}
}

@inproceedings{milletari2016v,
  title={V-net: Fully convolutional neural networks for volumetric medical image segmentation},
  author={Milletari, Fausto and Navab, Nassir and Ahmadi, Seyed-Ahmad},
  booktitle={2016 fourth international conference on 3D vision (3DV)},
  pages={565--571},
  year={2016},
  organization={Ieee}
}

@article{liu2011industrial,
  title={Industrial computerized tomography images segmentation based on cellular neural networks},
  author={Liu, Chang Jiang and Wu, Xu Lin},
  journal={Applied Mechanics and Materials},
  volume={66},
  pages={2228--2235},
  year={2011},
  publisher={Trans Tech Publ}
}

@inproceedings{lang2022ai,
  title={AI-Supported Segmentation of Industrial CT Data},
  author={Lang, Thomas and Sauer, Tomas},
  booktitle={11th Conf. Ind. Comput. Tomogr},
  year={2022},
  organization={Wels}
}

@article{nagai2019segmo,
  title={SegMo: CT volume segmentation using a multi-level Morse complex},
  author={Nagai, Yukie and Ohtake, Yutaka and Suzuki, Hiromasa},
  journal={Computer-Aided Design},
  volume={107},
  pages={23--36},
  year={2019},
  publisher={Elsevier}
}

@inproceedings{gonella2019semi,
  title={Semi-automatic Segmentation of MRI Brain Metastases Combining Support Vector Machine and Morphological Operators.},
  author={Gonella, Gloria and Binaghi, Elisabetta and Nocera, Paola and Mordacchini, Cinzia},
  booktitle={IJCCI},
  pages={457--463},
  year={2019}
}

@article{farag20043d,
  title={3D volume segmentation of MRA data sets using level sets: image processing and display},
  author={Farag, Aly A and Hassan, Hossam and Falk, Robert and Hushek, Stephen G},
  journal={Academic radiology},
  volume={11},
  number={4},
  pages={419--435},
  year={2004},
  publisher={Elsevier}
}

@article{otsu1975threshold,
  title={A threshold selection method from gray-level histograms},
  author={Otsu, Nobuyuki and others},
  journal={Automatica},
  volume={11},
  number={285-296},
  pages={23--27},
  year={1975}
}

@book{niblack1985introduction,
  title={An introduction to digital image processing},
  author={Niblack, Wayne},
  year={1985},
  publisher={Strandberg Publishing Company}
}

@article{wagner2023comparative,
  title={A Comparative Study of Deep Architectures for Voxel Segmentation in Volume Images},
  author={Wagner, F and Maas, H-G},
  journal={The International Archives of the Photogrammetry, Remote Sensing and Spatial Information Sciences},
  volume={48},
  pages={1667--1676},
  year={2023},
  publisher={Copernicus Publications G{\"o}ttingen, Germany}
}

@article{sauvola2000adaptive,
  title={Adaptive document image binarization},
  author={Sauvola, Jaakko and Pietik{\"a}inen, Matti},
  journal={Pattern recognition},
  volume={33},
  number={2},
  pages={225--236},
  year={2000},
  publisher={Elsevier}
}

@inproceedings{phansalkar2011adaptive,
  title={Adaptive local thresholding for detection of nuclei in diversity stained cytology images},
  author={Phansalkar, Neerad and More, Sumit and Sabale, Ashish and Joshi, Madhuri},
  booktitle={2011 International conference on communications and signal processing},
  pages={218--220},
  year={2011},
  organization={IEEE}
}

@article{николаев2013критерии,
  title={Критерии оценки качествав задаче автоматизированной настройки алгоритмов бинаризации},
  author={Николаев, Дмитрий Петрович and Сараев, Антон Александрович},
  journal={Труды Института системного анализа Российской академии наук},
  volume={63},
  number={3},
  pages={85--94},
  year={2013},
  publisher={Федеральное государственное учреждение" Федеральный исследовательский центр~…}
}

@article{taha2015metrics,
  title={Metrics for evaluating 3D medical image segmentation: analysis, selection, and tool},
  author={Taha, Abdel Aziz and Hanbury, Allan},
  journal={BMC medical imaging},
  volume={15},
  pages={1--28},
  year={2015},
  publisher={Springer}
}

@article{van2016fast,
  title={Fast and flexible X-ray tomography using the ASTRA toolbox},
  author={Van Aarle, Wim and Palenstijn, Willem Jan and Cant, Jeroen and Janssens, Eline and Bleichrodt, Folkert and Dabravolski, Andrei and De Beenhouwer, Jan and Joost Batenburg, K and Sijbers, Jan},
  journal={Optics express},
  volume={24},
  number={22},
  pages={25129--25147},
  year={2016},
  publisher={Optical Society of America}
}

@article{yeghiazaryan2018family,
  title={Family of boundary overlap metrics for the evaluation of medical image segmentation},
  author={Yeghiazaryan, Varduhi and Voiculescu, Irina},
  journal={Journal of Medical Imaging},
  volume={5},
  number={1},
  pages={015006--015006},
  year={2018},
  publisher={Society of Photo-Optical Instrumentation Engineers}
}

@online{cuPy,
  author    = {{CuPy Developers}},
  title     = {{CuPy: A NumPy-compatible array library accelerated by CUDA}},
  year      = {2024},
  url       = {https://cupy.dev/},
  urldate   = {2025-06-13}
}

@online{stanfordRepository,
  author    = {{Marc Levoy}},
  title     = {{The Stanford 3D Scanning Repository
}},
  year      = {2023},
  url       = {https://graphics.stanford.edu/data/3Dscanrep/},
  urldate   = {2025-06-13}
}

@article{gilmanov2024applicability,
  title={Applicability and potential of monitored reconstruction in computed tomography},
  author={Gilmanov, Marat and Bulatov, Konstantin and Bugai, Oleg and Ingacheva, Anastasia and Chukalina, Marina and Nikolaev, Dmitrii and Arlazarov, Vladimir},
  journal={PloS one},
  volume={19},
  number={7},
  pages={e0307231},
  year={2024},
  publisher={Public Library of Science San Francisco, CA USA}
}

@article{bulatov2023reducing,
  title={Reducing radiation dose for NN-based COVID-19 detection in helical chest CT using real-time monitored reconstruction},
  author={Bulatov, Konstantin B and Ingacheva, Anastasia S and Gilmanov, Marat I and Chukalina, Marina V and Nikolaev, Dmitry P and Arlazarov, Vladimir V},
  journal={Expert Systems with Applications},
  volume={229},
  pages={120425},
  year={2023},
  publisher={Elsevier}
}

@article{slovis2002alara,
  title={The ALARA concept in pediatric CT: myth or reality?},
  author={Slovis, Thomas L},
  journal={Radiology},
  volume={223},
  number={1},
  pages={5--6},
  year={2002},
  publisher={Radiological Society of North America}
}

@article{bulatov2020monitored,
  title={Monitored reconstruction: Computed tomography as an anytime algorithm},
  author={Bulatov, Konstantin and Chukalina, Marina and Buzmakov, Alexey and Nikolaev, Dmitry and Arlazarov, Vladimir V},
  journal={IEEE Access},
  volume={8},
  pages={110759--110774},
  year={2020},
  publisher={IEEE}
}

@article{fu1981survey,
  title={A survey on image segmentation},
  author={Fu, King-Sun and Mui, JK},
  journal={Pattern recognition},
  volume={13},
  number={1},
  pages={3--16},
  year={1981},
  publisher={Elsevier}
}